@misc{terenzi, 
    title={PIVOT source code}, 
    url={https://github.com/francescoterenzi/PIVOT}, 
    journal={Github}, 
    author={Terenzi, Francesco}
}

@ARTICLE{7721743,
  author={Centenaro, Marco and Vangelista, Lorenzo and Zanella, Andrea and Zorzi, Michele},
  journal={IEEE Wireless Communications}, 
  title={Long-range communications in unlicensed bands: the rising stars in the IoT and smart city scenarios}, 
  year={2016},
  volume={23},
  number={5},
  pages={60-67},
  doi={10.1109/MWC.2016.7721743}
}

 @misc{lora_developer_portal, title={What are LoRa® and LoRaWAN®?}, url={https://lora-developers.semtech.com/documentation/tech-papers-and-guides/lora-and-lorawan/}, journal={LoRa Developer Portal}, key = {range}} 

@INPROCEEDINGS{8075570,
  author={Noreen, Umber and Bounceur, Ahcène and Clavier, Laurent},
  booktitle={2017 International Conference on Advanced Technologies for Signal and Image Processing (ATSIP)}, 
  title={A study of LoRa low power and wide area network technology}, 
  year={2017},
  volume={},
  number={},
  pages={1-6},
  doi={10.1109/ATSIP.2017.8075570}}
  
@article{article,
author = {Farej, Ziyad and Maher, Ali},
year = {2015},
month = {08},
pages = {41-44},
title = {Performance Comparison among (Star, Tree and Mesh) Topologies for Large Scale WSN based IEEE 802.15.4 Standard},
volume = {124},
journal = {International Journal of Computer Applications},
doi = {10.5120/ijca2015905515}
}


@Article{s20174794,
    AUTHOR = {Singh, Ritesh Kumar and Puluckul, Priyesh Pappinisseri and Berkvens, Rafael and Weyn, Maarten},
    TITLE = {Energy Consumption Analysis of LPWAN Technologies and Lifetime Estimation for IoT Application},
    JOURNAL = {Sensors},
    VOLUME = {20},
    YEAR = {2020},
    NUMBER = {17},
    ARTICLE-NUMBER = {4794},
    URL = {https://www.mdpi.com/1424-8220/20/17/4794},
    ISSN = {1424-8220},
    DOI = {10.3390/s20174794}
}

@article{MEKKI20191,
    title = {A comparative study of LPWAN technologies for large-scale IoT deployment},
    journal = {ICT Express},
    volume = {5},
    number = {1},
    pages = {1-7},
    year = {2019},
    issn = {2405-9595},
    doi = {https://doi.org/10.1016/j.icte.2017.12.005},
    url = {https://www.sciencedirect.com/science/article/pii/S2405959517302953},
    author = {Kais Mekki and Eddy Bajic and Frederic Chaxel and Fernand Meyer},
    keywords = {Internet of Things, LPWAN, LoRa, Sigfox, NB-IoT},
}



 @misc{coverage, title={LoRaWAN coverage}, url={https://lora-alliance.org/}, journal={LoRa Alliance®}, year={2021}, month={Nov}, key={coverage}} 

@article{securing_iot,
    title = {Securing the Internet of Things: Challenges, threats and solutions},
    journal = {Internet of Things},
    volume = {5},
    pages = {41-70},
    year = {2019},
    issn = {2542-6605},
    doi = {https://doi.org/10.1016/j.iot.2018.11.003},
    url = {https://www.sciencedirect.com/science/article/pii/S2542660518301161},
    author = {Panagiotis I. {Radoglou Grammatikis} and Panagiotis G. Sarigiannidis and Ioannis D. Moscholios},
}

@article{Moraes2021ASR,
  title={A Systematic Review of Security in the LoRaWAN Network Protocol},
  author={Poliana de Moraes and A. F. D. Conceiç{\~a}o},
  journal={ArXiv},
  year={2021},
  volume={abs/2105.00384}
}

@article{information_leakage,
  author    = {Patrick Leu and
               Ivan Puddu and
               Aanjhan Ranganathan and
               Srdjan Capkun},
  title     = {I Send, Therefore {I} Leak: Information Leakage in Low-Power Wide
               Area Networks},
  journal   = {CoRR},
  volume    = {abs/1911.10637},
  year      = {2019},
  url       = {http://arxiv.org/abs/1911.10637},
  eprinttype = {arXiv},
  eprint    = {1911.10637},
  timestamp = {Tue, 03 Dec 2019 14:15:54 +0100},
  biburl    = {https://dblp.org/rec/journals/corr/abs-1911-10637.bib},
  bibsource = {dblp computer science bibliography, https://dblp.org}
}

@techreport{tech2020,
  TITLE = {{Re-identifying addresses in LoRaWAN networks}},
  AUTHOR = {Ancian, Lucas Toulier and Cunche, Mathieu},
  URL = {https://hal.inria.fr/hal-02926894},
  TYPE = {Research Report},
  NUMBER = {RR-9361},
  INSTITUTION = {{Inria Rh{\^o}ne-Alpes ; INSA de Lyon}},
  YEAR = {2020},
  MONTH = Sep,
  KEYWORDS = {Addresses ; Identifier ; Privacy ; Re-identification ; LoRaWAN ; Adresse ; Identifiant ; Vie priv{\'e}e ; R{\'e}-identification},
  PDF = {https://hal.inria.fr/hal-02926894/file/LoRa_RR.pdf},
  HAL_ID = {hal-02926894},
  HAL_VERSION = {v1},
}

@INPROCEEDINGS{devil,
    author={Spadaccino, Pietro and Garlisi, Domenico and Cuomo, Francesca and Pillon, Giorgio and Pisani, Patrizio},
    booktitle={2021 19th Mediterranean Communication and Computer Networking Conference (MedComNet)}, 
    title={Discovery privacy threats via device de-anonymization in LoRaWAN}, 
    year={2021},
    volume={},
    number={},
    pages={1-8},
    doi={10.1109/MedComNet52149.2021.9501247}
}

@ARTICLE{8030482,
  author={Adelantado, Ferran and Vilajosana, Xavier and Tuset-Peiro, Pere and Martinez, Borja and Melia-Segui, Joan and Watteyne, Thomas},
  journal={IEEE Communications Magazine}, 
  title={Understanding the Limits of LoRaWAN}, 
  year={2017},
  volume={55},
  number={9},
  pages={34-40},
  doi={10.1109/MCOM.2017.1600613}}
  
@inproceedings{inproceedings,
author = {Robyns, Pieter and Marin, Eduard and Lamotte, Wim and Quax, Peter and Singel\'{e}e, Dave and Preneel, Bart},
title = {Physical-Layer Fingerprinting of LoRa Devices Using Supervised and Zero-Shot Learning},
year = {2017},
isbn = {9781450350846},
publisher = {Association for Computing Machinery},
address = {New York, NY, USA},
url = {https://doi.org/10.1145/3098243.3098267},
doi = {10.1145/3098243.3098267},
booktitle = {Proceedings of the 10th ACM Conference on Security and Privacy in Wireless and Mobile Networks},
pages = {58–63},
numpages = {6},
keywords = {LoRa, PHY layer, fingerprinting},
location = {Boston, Massachusetts},
series = {WiSec '17}
}  
  
@INPROCEEDINGS{7925650,
  author={Lauridsen, Mads and Vejlgaard, Benny and Kovacs, Istvan Z. and Nguyen, Huan and Mogensen, Preben},
  booktitle={2017 IEEE Wireless Communications and Networking Conference (WCNC)}, 
  title={Interference Measurements in the European 868 MHz ISM Band with Focus on LoRa and SigFox}, 
  year={2017},
  volume={},
  number={},
  pages={1-6},
  doi={10.1109/WCNC.2017.7925650}}
  
@inproceedings{10.1145/1409944.1409959,
author = {Brik, Vladimir and Banerjee, Suman and Gruteser, Marco and Oh, Sangho},
title = {Wireless Device Identification with Radiometric Signatures},
year = {2008},
isbn = {9781605580968},
publisher = {Association for Computing Machinery},
address = {New York, NY, USA},
url = {https://doi.org/10.1145/1409944.1409959},
doi = {10.1145/1409944.1409959},
booktitle = {Proceedings of the 14th ACM International Conference on Mobile Computing and Networking},
pages = {116–127},
numpages = {12},
keywords = {fingerprinting, RF, signature, security, radiometric, authenitcation, PHY, wireless, security token, 802.11},
location = {San Francisco, California, USA},
series = {MobiCom '08}
}

@Article{app10134674,
AUTHOR = {Barriga, Jhonattan J. and Sulca, Juan and León, José and Ulloa, Alejandro and Portero, Diego and García, José and Yoo, Sang Guun},
TITLE = {A Smart Parking Solution Architecture Based on LoRaWAN and Kubernetes},
JOURNAL = {Applied Sciences},
VOLUME = {10},
YEAR = {2020},
NUMBER = {13},
ARTICLE-NUMBER = {4674},
URL = {https://www.mdpi.com/2076-3417/10/13/4674},
ISSN = {2076-3417},
DOI = {10.3390/app10134674}
}

@misc{QUEUING_THEORY,
  title={QUEUING THEORY},
  author={Ryan Berry},
  year={2006},
  url = {https://www.whitman.edu/documents/Academics/Mathematics/berryrm.pdf}
}

 @misc{the_things_network_2021, title={LoRa Message types}, url={https://www.thethingsnetwork.org/docs/lorawan/message-types/}, journal={The Things Network}, year={2021}, month={Oct},
 key={messages}} 
 
 
@INPROCEEDINGS{the_things_network,
  author={El Fehri, Chékra and Baccour, Nouha and Berthou, Pascal and Kammoun, Inès},
  booktitle={2021 17th International Conference on Wireless and Mobile Computing, Networking and Communications (WiMob)}, 
  title={Experimental Analysis of the Over-The-Air Activation procedure in LoRaWAN}, 
  year={2021},
  volume={},
  number={},
  pages={30-35},
  doi={10.1109/WiMob52687.2021.9606301}}
  
@inproceedings{28180002818032,
author = {Hupperich, Thomas and Maiorca, Davide and K\"{u}hrer, Marc and Holz, Thorsten and Giacinto, Giorgio},
title = {On the Robustness of Mobile Device Fingerprinting: Can Mobile Users Escape Modern Web-Tracking Mechanisms?},
year = {2015},
isbn = {9781450336826},
publisher = {Association for Computing Machinery},
address = {New York, NY, USA},
url = {https://doi.org/10.1145/2818000.2818032},
doi = {10.1145/2818000.2818032},
booktitle = {Proceedings of the 31st Annual Computer Security Applications Conference},
pages = {191–200},
numpages = {10},
location = {Los Angeles, CA, USA},
series = {ACSAC 2015}
}

@Article{Gu2018,
author={Gu, Xiaodan
and Yang, Ming
and Zhang, Yiting
and Pan, Peilong
and Ling, Zhen},
title={Fingerprinting Network Entities Based on Traffic Analysis in High-Speed Network Environment},
journal={Security and Communication Networks},
year={2018},
month={Dec},
day={16},
publisher={Hindawi},
volume={2018},
pages={6124160},
issn={1939-0114},
doi={10.1155/2018/6124160},
url={https://doi.org/10.1155/2018/6124160}
}

@Article{AdefemiAlimi2020,
author={Adefemi Alimi, Kuburat Oyeranti
and Ouahada, Khmaies
and Abu-Mahfouz, Adnan M.
and Rimer, Suvendi},
title={A Survey on the Security of Low Power Wide Area Networks: Threats, Challenges, and Potential Solutions},
journal={Sensors (Basel, Switzerland)},
year={2020},
month={Oct},
day={14},
publisher={MDPI},
volume={20},
number={20},
pages={5800},
keywords={CIA triad; Internet of Things (IoT); attacks; low power wide area network; security; sigfox},
note={33066336[pmid]},
issn={1424-8220},
doi={10.3390/s20205800},
url={https://doi.org/10.3390/s20205800},
language={eng}
}

@Article{Al-Hadhrami2021,
author={Al-Hadhrami, Yahya
and Hussain, Farookh Khadeer},
title={DDoS attacks in IoT networks: a comprehensive systematic literature review},
journal={World Wide Web},
year={2021},
month={May},
day={01},
volume={24},
number={3},
pages={971-1001},
issn={1573-1413},
doi={10.1007/s11280-020-00855-2},
url={https://doi.org/10.1007/s11280-020-00855-2}
}

@misc{lorawan_security,
title = {LoraWAN Security - withepaper},
url={https://lora-alliance.org/wp-content/uploads/2020/11/lorawan_security_whitepaper.pdf},
key={lorawan_security}
} 

@INPROCEEDINGS{9356425,
  author={Philip, Sumesh J. and McQuillan, James M. and Adegbite, Oluwatoba},
  booktitle={2020 IEEE 6th International Conference on Dependability in Sensor, Cloud and Big Data Systems and Application (DependSys)}, 
  title={LoRaWAN v1.1 Security: Are We in the Clear Yet?}, 
  year={2020},
  volume={},
  number={},
  pages={112-118},
  doi={10.1109/DependSys51298.2020.00025}}

@INPROCEEDINGS{8117042,
  author={Oniga, Bogdan and Dadarlat, Vasile and De Poorter, Eli and Munteanu, Adrian},
  booktitle={2017 13th IEEE International Conference on Intelligent Computer Communication and Processing (ICCP)}, 
  title={Analysis, design and implementation of secure LoRaWAN sensor networks}, 
  year={2017},
  volume={},
  number={},
  pages={421-428},
  doi={10.1109/ICCP.2017.8117042}}
  
@article{Chacko_2018,
	doi = {10.1088/1757-899x/396/1/012027},
	url = {https://doi.org/10.1088/1757-899x/396/1/012027},
	year = 2018,
	month = {aug},
	publisher = {{IOP} Publishing},
	volume = {396},
	pages = {012027},
	author = {Smilty Chacko and Mr. Deepu Job},
	title = {Security mechanisms and Vulnerabilities in {LPWAN}},
	journal = {{IOP} Conference Series: Materials Science and Engineering}
}